@book{Jaynes,
author={E. Jaynes},
title={Probability Theory with Applications in Science and Engineering},
year={2003},
publisher={Cambridge University Press}
%url={http://bayes.wustl.edu/}
}

@article{PDE,
author={Holmstr\"{o}m, L. and Sain, S. and Miettinen, H. E.},
journal={Computer Physics Communications},
vol={88},
pages={195},
year={1995},
}

@book{Scott,
author={D. Scott},
title={Multivariate Density Estimation},
publisher={John Wiley \& Sons},
year={1992}
}

@book{Wand,
author={Wand, M. and Jones, M.},
title={Kernel Smoothing},
publisher={Chapman \& Hall},
year={1995}
}
